<?xml version="1.0" encoding="utf-8"?>
<record xmlns="http://www.loc.gov/MARC21/slim" xmlns:xsi="http://www.w3.org/2001/XMLSchema-instance" xsi:schemaLocation="http://www.loc.gov/MARC21/slim http://www.loc.gov/standards/marcxml/schema/MARC21slim.xsd">
	<leader>     nam a22        4500</leader>
	<controlfield tag="001">3233831</controlfield>
	<controlfield tag="003">NNC</controlfield>
	<controlfield tag="006">m        d        </controlfield>
	<controlfield tag="007">cr cn |||m|||a</controlfield>
	<controlfield tag="008">171205s1865    xx      o     000 0 arard</controlfield>
	<datafield ind1=" " ind2=" " tag="040">
		<subfield code="a">NNU</subfield>
		<subfield code="b">eng</subfield>
		<subfield code="e">rda</subfield>
		<subfield code="c">NNU</subfield>
	</datafield>
	<datafield ind1=" " ind2="4" tag="050">
		<subfield code="a">D16.7</subfield>
		<subfield code="b">.I23 1865</subfield>
	</datafield>
	<datafield ind1="0" ind2=" " tag="100">
		<subfield code="6">880-01</subfield>
		<subfield code="a">Ibn Khaldūn,</subfield>
		<subfield code="d">1332-1406.</subfield>
	</datafield>
	<datafield ind1="1" ind2="0" tag="245">
		<subfield code="6">880-02</subfield>
		<subfield code="a">Kitāb al-ʻibar wa-dīwān al-mubtadaʼ wa-al-khabar fī ayām al-ʻArab wa-al-ʻAjam.</subfield>
	</datafield>
	<datafield ind1="3" ind2=" " tag="246">
		<subfield code="6">880-03</subfield>
		<subfield code="a">ʻIbar wa-dīwān al-mubtadaʼ wa-al-khabar</subfield>
	</datafield>
	<datafield ind1=" " ind2=" " tag="260">
		<subfield code="6">880-04</subfield>
		<subfield code="a">[Place of publication not identified] :</subfield>
		<subfield code="b">[Maṭbaʻat Bulāq],</subfield>
		<subfield code="c">[1865]</subfield>
	</datafield>
	<datafield ind1=" " ind2=" " tag="300">
		<subfield code="a">online resource (7 volumes)</subfield>
	</datafield>
	<datafield ind1=" " ind2=" " tag="336">
		<subfield code="a">text</subfield>
		<subfield code="2">rdacontent</subfield>
	</datafield>
	<datafield ind1=" " ind2=" " tag="337">
		<subfield code="a">computer</subfield>
		<subfield code="2">rdamedia</subfield>
	</datafield>
	<datafield ind1=" " ind2=" " tag="338">
		<subfield code="a">online resource</subfield>
		<subfield code="2">rdacarrier</subfield>
	</datafield>
	<datafield ind1=" " ind2=" " tag="500">
		<subfield code="a">On spine: Ibn Khaldun. Universal history. Text.</subfield>
	</datafield>
	<datafield ind1=" " ind2=" " tag="500">
		<subfield code="a">Part of the Arabic Collections Online (ACO) project, contributed by Columbia University Libraries.</subfield>
	</datafield>
	<datafield ind1=" " ind2=" " tag="533">
		<subfield code="a">Electronic reproduction.</subfield>
		<subfield code="b">New York, N.Y. :</subfield>
		<subfield code="c">New York University,</subfield>
		<subfield code="d">2017.</subfield>
		<subfield code="5">NNU</subfield>
	</datafield>
	<datafield ind1=" " ind2="0" tag="650">
		<subfield code="a">History</subfield>
		<subfield code="x">Philosophy.</subfield>
	</datafield>
	<datafield ind1=" " ind2="7" tag="650">
		<subfield code="a">History</subfield>
		<subfield code="x">Philosophy.</subfield>
		<subfield code="2">fast</subfield>
		<subfield code="0">(OCoLC)fst00958266</subfield>
	</datafield>
	<datafield ind1="2" ind2=" " tag="710">
		<subfield code="a">Columbia University.</subfield>
		<subfield code="b">Libraries.</subfield>
	</datafield>
	<datafield ind1="0" ind2=" " tag="730">
		<subfield code="a">Arabic Collections Online.</subfield>
	</datafield>
	<datafield ind1="0" ind2="8" tag="776">
		<subfield code="6">880-05</subfield>
		<subfield code="i">Online version:</subfield>
		<subfield code="a">Ibn Khaldūn, 1332-1406.</subfield>
		<subfield code="t">Kitāb al-ʻibar wa-dīwān al-mubtadaʼ wa-al-khabar fī ayām al-ʻArab wa-al-ʻAjam .</subfield>
		<subfield code="d">[N.p., Maṭbaʻat Bulāq, 1865]</subfield>
		<subfield code="w">(OCoLC)654240702</subfield>
	</datafield>
	<datafield ind1="0" ind2="8" tag="776">
		<subfield code="i">Print version:</subfield>
		<subfield code="a">Ibn Khaldūn, 1332-1406.</subfield>
		<subfield code="t">Kitāb al-ʻibar wa-dīwān al-mubtadaʼ wa-al-khabar fī ayām al-ʻArab wa-al-ʻAjam</subfield>
		<subfield code="w">(NNC)3233831</subfield>
		<subfield code="w">(OCoLC)16141456</subfield>
	</datafield>
	<datafield ind1="4" ind2="0" tag="856">
		<subfield code="u">http://hdl.handle.net/2333.1/vhhmgx0x</subfield>
	</datafield>
	<datafield ind1="0" ind2=" " tag="880">
		<subfield code="6">100-01/r</subfield>
		<subfield code="a">ابن خلدون،</subfield>
		<subfield code="d">1332-1406.</subfield>
	</datafield>
	<datafield ind1="1" ind2="0" tag="880">
		<subfield code="6">245-02/r</subfield>
		<subfield code="a">كتاب العبر وديوان المبتدأ والخبر في ايام العرب والعجم.</subfield>
	</datafield>
	<datafield ind1="3" ind2=" " tag="880">
		<subfield code="6">246-03/r</subfield>
		<subfield code="a">عابر وديوان المبتدأ والخبر</subfield>
	</datafield>
	<datafield ind1=" " ind2=" " tag="880">
		<subfield code="6">260-04/r</subfield>
		<subfield code="a">[Place of publication not identified] :</subfield>
		<subfield code="b">[مطبعة بولاق]،</subfield>
		<subfield code="c">[1865]</subfield>
	</datafield>
	<datafield ind1="0" ind2="8" tag="880">
		<subfield code="6">776-05/r</subfield>
		<subfield code="i">Online version:</subfield>
		<subfield code="a">ابن خلدون، 13321406.</subfield>
		<subfield code="t">كتاب العبر وديوان المبتدأ والخبر في ايام العرب والعجم .</subfield>
		<subfield code="d">[ن.پ.، مطبعة بلاق، 1865]</subfield>
		<subfield code="w">(ل)654240702</subfield>
	</datafield>
	<datafield ind1=" " ind2=" " tag="959">
		<subfield code="a">NNU</subfield>
		<subfield code="b">WEB</subfield>
		<subfield code="c">GENI</subfield>
		<subfield code="t">0</subfield>
		<subfield code="m">Electronic access</subfield>
		<subfield code="s">01</subfield>
	</datafield>
	<datafield ind1=" " ind2=" " tag="999">
		<subfield code="i">NNC_3233831</subfield>
		<subfield code="o">(OCoLC)ocm16141456</subfield>
		<subfield code="s">columbia_aco002398:v.4</subfield>
		<subfield code="s">columbia_aco002902:v.1</subfield>
		<subfield code="s">columbia_aco002400:v.5</subfield>
		<subfield code="s">columbia_aco002903:v.2</subfield>
		<subfield code="s">columbia_aco002904:v.3</subfield>
		<subfield code="s">columbia_aco002399:v.6</subfield>
		<subfield code="s">columbia_aco002405:v.7</subfield>
		<subfield code="e">(ERROR-880)</subfield>
		<subfield code="s">columbia_aco002398:v.4</subfield>
		<subfield code="s">columbia_aco002902:v.1</subfield>
		<subfield code="s">columbia_aco002400:v.5</subfield>
		<subfield code="s">columbia_aco002903:v.2</subfield>
		<subfield code="s">columbia_aco002904:v.3</subfield>
		<subfield code="s">columbia_aco002399:v.6</subfield>
		<subfield code="s">columbia_aco002405:v.7</subfield>
	</datafield>
</record>
